<?xml version="1.0" encoding="UTF-8"?><record xmlns="http://www.loc.gov/MARC21/slim" xmlns:cinclude="http://apache.org/cocoon/include/1.0" xmlns:zs="http://www.loc.gov/zing/srw/">
  <leader>00755nz  a2200157n  4500</leader>
  <controlfield tag="001">no2010175128</controlfield>
  <controlfield tag="003">DLC</controlfield>
  <controlfield tag="005">20101029075600.0</controlfield>
  <controlfield tag="008">101027n| acannaabn          |n aac     c</controlfield>
  <datafield tag="010" ind1=" " ind2=" ">
    <subfield code="a">no2010175128</subfield>
  </datafield>
  <datafield tag="035" ind1=" " ind2=" ">
    <subfield code="a">(OCoLC)oca08670293</subfield>
  </datafield>
  <datafield tag="040" ind1=" " ind2=" ">
    <subfield code="a">NcU</subfield>
    <subfield code="b">eng</subfield>
    <subfield code="c">NcU</subfield>
  </datafield>
  <datafield tag="100" ind1="1" ind2=" ">
    <subfield code="a">Chweitzer, Lydia,</subfield>
    <subfield code="d">1907-1994</subfield>
  </datafield>
  <datafield tag="670" ind1=" " ind2=" ">
    <subfield code="a">Le cavalier de bronze, 1979:</subfield>
    <subfield code="b">t.p. (Lydia Chweitzer)</subfield>
  </datafield>
  <datafield tag="670" ind1=" " ind2=" ">
    <subfield code="a">OCLC, Oct. 27, 2010</subfield>
    <subfield code="b">(hdgs.: Chweitzer, Lydia, 1907-; Chweitzer, Lydia; usage: Lydia Chweitzer)</subfield>
  </datafield>
  <datafield tag="670" ind1=" " ind2=" ">
    <subfield code="a">National Library of France catalog, via WWW, Oct. 27, 2010</subfield>
    <subfield code="b">authority record for Lydia Chweitzer (hdg.: Chweitzer, Lydia (1907-1994); b. Aug. 24, 1907 in Moscow, Russia; d. Jan. 1994 in Paris; writer and translator; emigrated to France in 1925; married name: Rousselot)</subfield>
  </datafield>
</record>